@article{evans2015fever,
  title={Fever and the thermal regulation of immunity: the immune system feels the heat},
  author={Evans, Sharon S and Repasky, Elizabeth A and Fisher, Daniel T},
  journal={Nature Reviews Immunology},
  volume={15},
  number={6},
  pages={335--349},
  year={2015},
  publisher={Nature Publishing Group}
}


@manual{CDC,
  title  = "Preventing the Spread of Coronavirus Disease 2019 in Homes and Residential Communities",
  author = "US Centers for Disease Control and Prevention",
  note    = "\url{ "https://www.cdc.gov/coronavirus/2019-ncov/hcp/guidance-prevent-spread.html}",
  year   = "February 14, 2020"  %(accessed March 15, 2020)"
}

@manual{NZ,
  title  = "COVID-19 (novel coronavirus) ? staying at home (self-isolation)",
  author = "New Zealand Ministry of Health",
  note   = "\url{ "https://www.health.govt.nz/our-work/diseases-and-conditions/covid-19-novel-coronavirus/covid-19-novel-coronavirus-health-advice-general-public/covid-19-novel-coronavirus-staying-home-self-isolation}",
  year   = "March 15, 2020"  %(accessed March 15, 2020)"
}

@manual{CA,
  title  = "Community-based measures to mitigate the spread of coronavirus disease (COVID-19) in Canada",
  author = "Public Health Agency of Canada",
  note    = "\url{https://www.canada.ca/en/public-health/services/diseases/2019-novel-coronavirus-infection/health-professionals/public-health-measures-mitigate-covid-19.html}",
  year   = "March 12, 2020"  %(accessed March 15, 2020)"
}

@manual{rush,
  title  = "8 Tips for Healthy Lungs",
  author = "Rush University Medical Center",
  note    = "\url{https://www.rush.edu/health-wellness/discover-health/8-tips-healthy-lungs}",
  year   = "accessed March 15, 2020"
}

@manual{stcn,
  title  = "[Anti-epidemic Science] Doctor Zhang Wenhong calls you to open the window! Accept this ``ventilation timetable''", 
  author = "STCN",
  note    = "\url{http://news.stcn.com/2020/0309/15711677.shtml}",
  year   = "March 9, 2020"
}
%\url{}
%title  = "?????????????????????????????? ([Anti-epidemic Science] Doctor Zhang Wenhong calls you to open the window! Accept this ``ventilation timetable'')",

@manual{medline,
  title  = "Exercise and immunity", 
  author = "Medline Plus",
  note    = "\url{https://medlineplus.gov/ency/article/007165.htm}",
  year   = "accessed March 15, 2020"
}


@manual{cdc_distancing,
  title  = "Interim US Guidance for Risk Assessment and Public Health Management of Persons with Potential Coronavirus Disease 2019 (COVID-19) Exposures: Geographic Risk and Contacts of Laboratory-confirmed Cases", 
  author = "US Centers for Disease Control",
  note    = "\url{https://www.cdc.gov/coronavirus/2019-ncov/php/risk-assessment.html}",
  year   = "March 9, 2020"
}


@article{vitacca1998acute,
  title={Acute effects of deep diaphragmatic breathing in COPD patients with chronic respiratory insufficiency},
  author={Vitacca, M and Clini, Enrico and Bianchi, L and Ambrosino, N},
  journal={European Respiratory Journal},
  volume={11},
  number={2},
  pages={408--415},
  year={1998},
  publisher={Eur Respiratory Soc}
}

@article{westerdahl2016deep,
  title={Deep breathing exercises with positive expiratory pressure in patients with multiple sclerosis--a randomized controlled trial},
  author={Westerdahl, Elisabeth and Wittrin, Anna and K{\aa}n{\aa}hols, Margareta and Gunnarsson, Martin and Nilsag{\aa}rd, Ylva},
  journal={The clinical respiratory journal},
  volume={10},
  number={6},
  pages={698--706},
  year={2016},
  publisher={Wiley Online Library}
}

@article{westerdahl2015optimal,
  title={Optimal technique for deep breathing exercises after cardiac surgery},
  author={Westerdahl, Elisabeth},
  journal={Minerva Anestesiol},
  volume={81},
  number={6},
  pages={678--683},
  year={2015}
}

@article{britton1985chest,
  title={Chest physiotherapy in primary pneumonia.},
  author={Britton, Sven and Bejstedt, Margareta and Vedin, Lars},
  journal={Br Med J (Clin Res Ed)},
  volume={290},
  number={6483},
  pages={1703--1704},
  year={1985},
  publisher={British Medical Journal Publishing Group}
}
